<?xml version="1.0" encoding="UTF-8"?><collection xmlns="http://www.loc.gov/MARC21/slim"><record><leader>00470nam--2200169-i-4500</leader><controlfield tag="001">000045345</controlfield><controlfield tag="002">20161230</controlfield><controlfield tag="005">20170129005612</controlfield><controlfield tag="008">060222s1000------------r-----000-0-eng-d</controlfield><datafield ind1=" " ind2=" " tag="080"><subfield code="a">516</subfield></datafield><datafield ind1=" " ind2=" " tag="100"><subfield code="a">Toralballa, Leopoldo V</subfield></datafield><datafield ind1=" " ind2=" " tag="245"><subfield code="a">Calculus with analytic geometry and linear algebra</subfield></datafield><datafield ind1=" " ind2=" " tag="260"><subfield code="a">New York</subfield><subfield code="b">Academic Press</subfield><subfield code="c">1967</subfield></datafield><datafield ind1=" " ind2=" " tag="300"><subfield code="a">XV + 920 p</subfield></datafield><datafield ind1=" " ind2=" " tag="490"><subfield code="a">Academic Press Textbooks In Mathematics</subfield></datafield><datafield ind1=" " ind2=" " tag="852"><subfield code="a">27884</subfield><subfield code="c">513</subfield></datafield><datafield ind1=" " ind2=" " tag="CAT"><subfield code="a">SYS</subfield><subfield code="c">20170129</subfield><subfield code="h">005612</subfield></datafield></record></collection>